<?xml version="1.0" encoding="UTF-8"?><collection xmlns="http://www.loc.gov/MARC21/slim"><record><leader>00422nam--2200145-i-4500</leader><controlfield tag="001">000036463</controlfield><controlfield tag="002">20161230</controlfield><controlfield tag="005">20161230201040</controlfield><controlfield tag="008">060222s1000------------r-----000-0-eng-d</controlfield><datafield ind1=" " ind2=" " tag="080"><subfield code="a">517.63:517.3:517.432</subfield></datafield><datafield ind1=" " ind2=" " tag="100"><subfield code="a">Poli,L. Et Delerue,P</subfield></datafield><datafield ind1=" " ind2=" " tag="245"><subfield code="a">Le calcul symbolique a deux  variables et ses applications</subfield></datafield><datafield ind1=" " ind2=" " tag="260"><subfield code="a">Paris, Gauthier-villars, 1954. 77p</subfield></datafield><datafield ind1=" " ind2=" " tag="490"><subfield code="a">Memorial De Sciences Mathematiques</subfield></datafield><datafield ind1=" " ind2=" " tag="852"><subfield code="a">11230</subfield></datafield></record></collection>